@MANUAL{intel,
title = {Intel\textsuperscript{\textregistered}64 and IA-32 Architectures Software Developer's Manuale Combined Volumes:1, 2A, 2B, 3C, 3A, 3B and 3C},
organization = {Intel},
author = {Intel},
month = {August},
year = {2012},
}
@MISC{linux,
author = {Linux Foundation},
title = {Linux Documentation},
note = {\url{http://linux.die.net/}}
}
@MISC{int80,
author = {G. Adam Stanislav},
organization = {Whiz Kid Technomagic},
note = {\url{http://www.int80h.org/}}
}
@INPROCEEDINGS{stackguard,
author = {Crispan Cowan and Calton Pu and Dave Maier and Jonathan Walpole and Peat Bakke and Steve
Beattie and Aaron Grier and Perry Wagle and Qian Zhang},
title = {StackGuard: Automatic Adaptive Detection and Prevention of Buffer-Overflow Attacks},
booktitle = {USENIX Security Symposium},
year = {1998},
volume = {7th},
month = {January},
}

@MISC{ssp,
author = {IBM Research},
title = {GCC extension for protecting applications from stack-smashing attacks},
year = {2005},
howpublished = {\url{http://www.research.ibm.com/trl/projects/security/ssp/}}
}
@MISC{corelanSEH,
author = {Corelan Team},
title = {Exploit writing tutorial part 3 : SEH Based Exploits},
year = {2009},
howpublished = {\url{http://www.corelan.be}}
}

@MISC{compilerEH,
author = {Igor Skochinsky - Hex-Rays},
title = {Compiler Internals: Exceptions and RTTI},
year = {2012},
howpublished = {\url{http://www.hexblog.com/}}
}
@MISC{rop-blackhat,
author = {Erik Buchanan and Ryan Roemer and Stefan Savage and Hovav Shacham},
title = {Return-oriented Programming: Exploitation without Code Injection},
year = {2008},
howpublished = {BlackHat USA 2008}
}
@MISC{ret2libc,
author = {c0ntex},
title = {Bypassing non-executable-stack during exploitation using return-to-libc},
year = {2006},
howpublished = {\url{http://www.infosecwriters.com/text_resources/pdf/return-to-libc.pdf}}
}
@MISC{aleph1,
author = {Aleph One},
title = {Smashing The Stack For Fun And Profit},
year = {1996},
howpublished = {\url{http://insecure.org/stf/smashstack.html}}
}
