@MANUAL{intel,
	title = {Intel\textsuperscript{\textregistered}64 and IA-32 Architectures Software Developer's Manuale Combined Volumes:1, 2A, 2B, 3C, 3A, 3B and 3C},
	organization = {Intel},
	author = {Intel},
	month = {August},
	year = {2012},
}
@MISC{linux,
	author = {Linux Foundation},
	title = {Linux Documentation},
	note = {\url{http://linux.die.net/}}
}
@MISC{mark,
	author = {Mark Loiseau},
	title = {64 bit Linux Shellcode},
	note = {\url{http://blog.markloiseau.com/2012/06/64-bit-linux-shellcode/}},
}

@MISC{int80,
	author = {G. Adam Stanislav},
	organization = {Whiz Kid Technomagic},
	note = {ttp://www.int80h.org/}
}

