@MISC{format,
	author = {scut / team teso},
	title = {Exploiting Format String Vulnerabilities},
	month = {September},
	year = {2001},
}

