@MANUAL{intel,
	title = {Intel\textsuperscript{\textregistered}64 and IA-32 Architectures Software Developer's Manuale Combined Volumes:1, 2A, 2B, 3C, 3A, 3B and 3C},
	organization = {Intel},
	author = {Intel},
	month = {August},
	year = {2012},
}
@MISC{linux,
	author = {Linux Foundation},
	title = {Linux Documentation},
	note = {\url{http://linux.die.net/}}
}
@MISC{int80,
	author = {G. Adam Stanislav},
	organization = {Whiz Kid Technomagic},
	note = {ttp://www.int80h.org/}
}
@INPROCEEDINGS{stackguard,
	author = {Crispan Cowan and Calton Pu and Dave Maier and Jonathan Walpole and Peat Bakke and Steve
	Beattie and Aaron Grier and Perry Wagle and Qian Zhang},
	title = {StackGuard: Automatic Adaptive Detection and Prevention of Buffer-Overflow Attacks},
	booktitle = {USENIX Security Symposium},
	year = {1998},
	volume = {7th},
	month = {January},
}

@MISC{ssp,
	author = {IBM Research},
	title = {GCC extension for protecting applications from stack-smashing attacks},
	year = {2005},
	howpublished = {http://www.research.ibm.com/trl/projects/security/ssp/},
}
